
@article{Nadkarni-1992,
	author = {M. A. Nadkarni and C. K. K. Nair and V. N. Pandey and A. Others},
	title = {Characterzation of alpha-galactosidase from corynebacterium murisepticum and mechanism of its induction},
	journal = {J Gen App Microbiol},
	year = {1992},
	volume = {38},
	pages = {223-234},
}

@article{Hua-Wang-1973,
	author = {华罗庚 and 王元},
	title = {论一致分布与近似分析：数论方法(I)},
	journal = {中国科学},
	year = {1973},
	number = {4},
	pages = {339-357},
	userf = {zh},
}

@book{ZhuKeZhen,
	author = {竺可桢},
	title = {物候学},
	location = {北京},
	publisher = {科学出版社},
	year = {1973},
	userf = {zh},
}

@inproceedings{bahl2000radar,
    author={Bahl, Paramvir and Padmanabhan, Venkata N},
	title={RADAR: An in-building RF-based user location and tracking system},
	booktitle={INFOCOM 2000. Nineteenth Annual Joint Conference of the IEEE Computer and Communications Societies},
	volume={2},
	pages={775--784},
	year={2000},
	organization={IEEE}
}

@inproceedings{montoliu2017indoorloc,
	title={Indoorloc platform: A public repository for comparing and evaluating indoor positioning systems},
	author={Montoliu, Ra{\'u}l and Sansano, E and Torres-Sospedra, Joaqu{\'\i}n and Belmonte, Oscar},
	booktitle={2017 International Conference on Indoor Positioning and Indoor Navigation (IPIN)},
	pages={1--8},
	year={2017},
	organization={IEEE}
}

@standard{GB25100—2010,
	author       = {全国信息与文献标准化技术委员会},
	title        = {信息与文献\quad 都柏林核心元数据元素集: {GB/T 25100—2010}},
	address      = {北京},
	publisher    = {中国标准出版社},
	year         = {2010},
	pages        = {2--3},
}

@online{monkey,
  title={Android Tool Monkey},
  urldate      = {2014-06-24},
  url = {https://developer.android.com/studio/test/monkey.html.},
}

@online{gartner-smartphone-2017,
	title={Gartner Says Worldwide Sales of Smartphones Recorded First Ever Decline During the Fourth Quarter of 2017},
	urldate      = {2018-02-22},
	url = {https://www.gartner.com/en/newsroom/press-releases/2018-02-22-gartner-says-worldwide-sales-of-smartphones-recorded-first-ever-decline-during-the-fourth-quarter-of-2017.},
}
